<?xml version="1.0" encoding="UTF-8"?><collection xmlns="http://www.loc.gov/MARC21/slim"><record><leader>00635nam--2200205-u-4500</leader><controlfield tag="001">000053194</controlfield><controlfield tag="002">20161230</controlfield><controlfield tag="005">20161230201051</controlfield><controlfield tag="008">110112s1000------------r-----000-0-eng-d</controlfield><datafield ind1=" " ind2=" " tag="020"><subfield code="a">012585000X</subfield></datafield><datafield ind1=" " ind2=" " tag="040"><subfield code="a">IFIN-HH</subfield></datafield><datafield ind1=" " ind2=" " tag="080"><subfield code="a">539.2</subfield></datafield><datafield ind1="1" ind2=" " tag="100"><subfield code="a">Reed, Mark A</subfield></datafield><datafield ind1="1" ind2="0" tag="245"><subfield code="a">Nanostructure physics and fabrication</subfield><subfield code="b">Proceedings of the international symposium, college station, texas, march 13-15,1989</subfield><subfield code="c">MARK A. REED; WILEY P. KIRK (Eds.)</subfield></datafield><datafield ind1=" " ind2=" " tag="260"><subfield code="a">Boston</subfield><subfield code="b">Academic Press, Inc</subfield><subfield code="c">1989</subfield></datafield><datafield ind1=" " ind2=" " tag="300"><subfield code="a">523P</subfield></datafield><datafield ind1=" " ind2="4" tag="650"><subfield code="a">Quantum electronics</subfield></datafield><datafield ind1="1" ind2=" " tag="700"><subfield code="a">Kirk, Wiley P</subfield><subfield code="e">Ed</subfield></datafield><datafield ind1=" " ind2=" " tag="852"><subfield code="a">80577</subfield><subfield code="c">539.2</subfield></datafield><datafield ind1=" " ind2=" " tag="CAT"><subfield code="a">Sys</subfield><subfield code="c">20110112</subfield><subfield code="h">125834</subfield></datafield></record></collection>